@inproceedings{blanchette-et-al-2014-codata,
  author = "Jasmin Christian Blanchette and Johannes H{\"o}lzl
  and Andreas Lochbihler and Lorenz Panny and Andrei Popescu and Dmitriy Traytel",
  title = "Truly Modular (Co)datatypes for {I}sabelle/{HOL}",
  year = 2014,
  publisher = "Springer",
  editor = "Gerwin Klein and Ruben Gamboa",
  booktitle = "ITP 2014",
  series = "LNCS",
  volume = 8558,
  pages = "93--110"
}

@book{nipkow-et-al-2002,
  author = "Tobias Nipkow and Lawrence C. Paulson and Markus Wenzel",
  title = "{I}sabelle/{HOL}: A~Proof Assistant for Higher-Order Logic",
  publisher="Springer",
  series={{LNCS}},
  volume={2283},
  year=2002}

@book{nipkow-klein-201x,
  author={Tobias Nipkow and Gerwin Klein},
  title="Concrete Semantics with Isabelle/HOL",
  publisher="Springer",year={to appear},
  note={\url{http://www.in.tum.de/~nipkow/Concrete-Semantics}\strut}}
